<record><leader>00000cas a22000007a 4500</leader><controlfield tag="001">18659281</controlfield><controlfield tag="008">881024d19751984txudr ne      0    0eng d</controlfield><datafield ind1=" " ind2=" " tag="010"><subfield code="a">sn 88084278 </subfield></datafield><datafield ind1=" " ind2=" " tag="040"><subfield code="a">PPM</subfield><subfield code="b">eng</subfield><subfield code="c">PPM</subfield><subfield code="d">OCLCQ</subfield></datafield><datafield ind1=" " ind2=" " tag="042"><subfield code="a">msc</subfield></datafield><datafield ind1="0" ind2=" " tag="130"><subfield code="a">News (San Antonio, Tex. : 1975)</subfield></datafield><datafield ind1="1" ind2="4" tag="245"><subfield code="a">The news.</subfield></datafield><datafield ind1=" " ind2=" " tag="260"><subfield code="a">San Antonio, Tex. :</subfield><subfield code="b">Express Pub. Co.</subfield></datafield><datafield ind1=" " ind2=" " tag="310"><subfield code="a">Daily</subfield></datafield><datafield ind1="1" ind2=" " tag="362"><subfield code="a">Began Oct. 14, 1975? Ceased in 1984.</subfield></datafield><datafield ind1=" " ind2=" " tag="588"><subfield code="a">Description based on: Oct. 14, 1975 issue.</subfield></datafield><datafield ind1=" " ind2=" " tag="752"><subfield code="a">United States</subfield><subfield code="b">Texas</subfield><subfield code="c">Bexar</subfield><subfield code="d">San Antonio.</subfield></datafield><datafield ind1="0" ind2="0" tag="780"><subfield code="t">San Antonio news (San Antonio, Tex. : 1971)</subfield><subfield code="w">(DLC)sn 88084279</subfield></datafield><datafield ind1="0" ind2="7" tag="785"><subfield code="t">San Antonio express (San Antonio, Tex. : 1911)</subfield><subfield code="w">(DLC)sn 86071253</subfield></datafield><datafield ind1="0" ind2="7" tag="785"><subfield code="t">Express-news (San Antonio, Tex.)</subfield><subfield code="w">(DLC)sn 84002246</subfield></datafield></record>